<?xml version="1.0" encoding="UTF-8"?><collection xmlns="http://www.loc.gov/MARC21/slim"><record><leader>00363nam--2200133-i-4500</leader><controlfield tag="001">000032637</controlfield><controlfield tag="002">20161230</controlfield><controlfield tag="005">20161230201039</controlfield><controlfield tag="008">060222s1000------------r-----000-0-eng-d</controlfield><datafield ind1=" " ind2=" " tag="080"><subfield code="a">621.374</subfield></datafield><datafield ind1=" " ind2=" " tag="100"><subfield code="a">Meerovici, L.A., Zelicenco, L.G</subfield></datafield><datafield ind1=" " ind2=" " tag="245"><subfield code="a">Tehnica impulsurilor. trad. din limba rusa</subfield></datafield><datafield ind1=" " ind2=" " tag="260"><subfield code="a">Bucuresti, Ed.Tehnica, 1958. 559p.+3pl.+erata</subfield></datafield><datafield ind1=" " ind2=" " tag="852"><subfield code="a">4865</subfield></datafield></record></collection>